@article{yurko_venturahorowitz_2019,
author = {Ronald Yurko and Samuel Ventura and Maksim Horowitz},
doi = {doi:10.1515/jqas-2018-0010},
url = {https://doi.org/10.1515/jqas-2018-0010},
title = {nflWAR: a reproducible method for offensive player evaluation in football: },
journal = {Journal of Quantitative Analysis in Sports},
number = {3},
volume = {15},
year = {2019},
pages = {163--183}
}
@Manual{Carl_Baldwin_2020,
    title = {nflfastR: Functions to Efficiently Access NFL Play by Play Data},
    author = {Sebastian Carl and Ben Baldwin},
    year = {2021},
    note = {R package version 4.2.0},
    url = {https://CRAN.R-project.org/package=nflfastR},
  }
  
 @misc{subbiah_gilani_fleming_2020,
  author = {Meyappan Subbiah and Saiem Gilani and Parker Fleming},
  title = {cfbscrapR},
  url = {https://www.github.com/saiemgilani/cfbscrapR},
  year = {2021}
}
 @misc{gilani_cfbfastRpy_2021,
  author = {Gilani, Saiem},
  title = {cfbfastR-py: The SportsDataverse's Python Package for American Football Data.},
  url = {https://cfbfastR-py.sportsdataverse.org},
  year = {2021}
}
@misc{gilani_hoopRpy_2021,
  author = {Gilani, Saiem},
  title = {hoopR-py: The SportsDataverse's Python Package for Men's Basketball Data.},
  url = {https://hoopR-py.sportsdataverse.org/},
  journal={SportsDataverse.org}, 
  publisher={SportsDataverse}, 
  year = {2021}
}
@misc{gilani_wehooppy_2021,
  author = {Gilani, Saiem},
  title = {wehoop-py: The SportsDataverse's Python package for Women's Basketball Data.},
  url = {https://wehoop-py.sportsdataverse.org/},
  journal={SportsDataverse.org}, 
  publisher={SportsDataverse}, 
  year = {2021}
}
@misc{sgetal_cfbfastr_2021,
  author = {Saiem Gilani and Akshay Easwaran and Jared Lee and Eric Hess},
  title = {cfbfastR: The SportsDataverse's R Package for College Football Data.},
  url = {https://saiemgilani.github.io/cfbfastR/},
  journal={SportsDataverse.org}, 
  publisher={SportsDataverse}, 
  year = {2021}
}
@misc{gilani_hoopR_2021,
  author = {Gilani, Saiem},
  title = {hoopR: The SportsDataverse's R Package for M en's Basketball Data.},
  url = {https://hoopR.sportsdataverse.org/},
  journal={SportsDataverse.org}, 
  publisher={SportsDataverse}, 
  year = {2021}
}
@misc{hutchingson_gilani_2021,
  author = {Saiem Gilani and Geoff Hutchinson},
  title = {wehoop: The SportsDataverse's R Package for Women's Basketball Data.},
  url = {https://wehoop.sportsdataverse.org},
  journal={SportsDataverse.org}, 
  publisher={SportsDataverse}, 
  year = {2021}
}

 @misc{radjewski_2016, 
  title={College Football Data}, 
  url={https://www.collegefootballdata.com/}, 
  journal={CollegeFootballData.com}, 
  publisher={Bill Radjewski}, 
  author={Radjewski, Bill}, 
  year={2016}
 } 